<record><leader>00000cas a22000007a 4500</leader><controlfield tag="001">17972448</controlfield><controlfield tag="008">880519d19281929msudr ne      0    0eng d</controlfield><datafield ind1=" " ind2=" " tag="010"><subfield code="a">sn 88067150 </subfield></datafield><datafield ind1=" " ind2=" " tag="040"><subfield code="a">MSJ</subfield><subfield code="b">eng</subfield><subfield code="c">MSJ</subfield><subfield code="d">OCLCQ</subfield></datafield><datafield ind1=" " ind2=" " tag="042"><subfield code="a">msc</subfield></datafield><datafield ind1="0" ind2=" " tag="130"><subfield code="a">Amory news (Amory, Miss. : 1928)</subfield></datafield><datafield ind1="1" ind2="4" tag="245"><subfield code="a">The Amory news.</subfield></datafield><datafield ind1=" " ind2=" " tag="260"><subfield code="a">Amory, Miss. :</subfield><subfield code="b">Theron D. Hardin</subfield></datafield><datafield ind1=" " ind2=" " tag="310"><subfield code="a">Daily</subfield></datafield><datafield ind1="1" ind2=" " tag="362"><subfield code="a">Began in 1928; ceased in 1929.</subfield></datafield><datafield ind1=" " ind2=" " tag="588"><subfield code="a">Description based on: Vol. 1, no. 3 (Apr. 25, 1928).</subfield></datafield><datafield ind1=" " ind2=" " tag="752"><subfield code="a">United States</subfield><subfield code="b">Mississippi</subfield><subfield code="c">Monroe</subfield><subfield code="d">Amory.</subfield></datafield><datafield ind1="0" ind2="7" tag="785"><subfield code="t">Amory advertiser</subfield></datafield><datafield ind1="0" ind2="7" tag="785"><subfield code="t">Amory news-advertiser (Amory, Miss. : 1929)</subfield><subfield code="w">(OCoLC)17972561</subfield></datafield></record>